%% This BibTeX bibliography file was created using BibDesk.
%% https://bibdesk.sourceforge.io/

%% Created for Judith Sailer at 2024-04-22 17:30:26 +0200 


%% Saved with string encoding Unicode (UTF-8) 



@misc{Kokhlikyan2020,
      title={Captum: A unified and generic model interpretability library for PyTorch}, 
      author={Narine Kokhlikyan and Vivek Miglani and Miguel Martin and Edward Wang and Bilal Alsallakh and Jonathan Reynolds and Alexander Melnikov and Natalia Kliushkina and Carlos Araya and Siqi Yan and Orion Reblitz-Richardson},
      year={2020},
      eprint={2009.07896},
      archivePrefix={arXiv},
      primaryClass={cs.LG}
}

@book{Kauermann2021,
	address = {Cham, Switzerland},
	author = {Kauermann, G\"{o}ran and K\"{u}chenhoff, Helmut and Heumann, Christian},
	date-added = {2022-01-17 18:47:05 +0100},
	date-modified = {2023-05-04 08:14:59 +0200},
	doi = {10.1007/978-3-030-69827-0},
	publisher = {Springer Nature Switzerland},
	title = {Statistical Foundations, Reasoning and Inference},
	year = {2021},
	Bdsk-Url-1 = {https://doi.org/10.1007/978-3-030-69827-0}}

@misc{Poth2023,
      title={Adapters: A Unified Library for Parameter-Efficient and Modular Transfer Learning}, 
      author={Clifton Poth and Hannah Sterz and Indraneil Paul and Sukannya Purkayastha and Leon Engländer and Timo Imhof and Ivan Vulić and Sebastian Ruder and Iryna Gurevych and Jonas Pfeiffer},
      year={2023},
      eprint={2311.11077},
      archivePrefix={arXiv},
      primaryClass={cs.CL}
}

@book{Russell2021,
	address = {Harlow, United Kingdom},
	author = {Russell, Stuart Jonathan AND Norvig, Peter},
	date-added = {2021-12-03 17:39:55 +0100},
	date-modified = {2023-05-04 07:20:09 +0200},
	edition = {4th},
	publisher = {Prentice Hall},
	series = {Pearson Education},
	title = {Artificial Intelligence -- A Modern Approach, Global Edition},
	year = {2021}}
